@article{sat,
  author    = {Miroslav Klimoš and Antonín Kučera},
  title     = {Strategy Synthesis for General Deductive Games Based on {SAT} Solving},
  journal   = {CoRR},
  volume    = {abs/1407.3926},
  year      = {2014},
  url       = {http://arxiv.org/abs/1407.3926},
  archivePrefix = {arXiv},
  eprint    = {1407.3926},
  timestamp = {Mon, 13 Aug 2018 16:46:10 +0200},
  biburl    = {https://dblp.org/rec/bib/journals/corr/KlimosK14},
  bibsource = {dblp computer science bibliography, https://dblp.org}
}